@article{Brown:2000p6405,
author = {M Brown and W Seales}, 
journal = {Proceedings of the fifth ACM conference on Digital libraries},
title = {Beyond 2D images: effective 3D imaging for library materials},
abstract = {Page 1.   : Eective 3D Imaging for Library Materials  We provide a description of the   : Effective 3D Imaging for Library Materials },
year = {2000},
month = {Jan},
date-added = {2008-04-17 17:35:34 -0400},
date-modified = {2008-04-17 17:35:34 -0400},
pmid = {4263043599942332925related:_bGQTJFfKTsJ},
URL = {http://portal.acm.org/citation.cfm?id=336623},
local-url = {file://localhost/Users/ryan/Documents/Papers/Proceedings%20of%20the%20fifth%20ACM%20conference%20on%20Digital%20libraries/2000-01-01-Beyond%202D%20images%20effective%203D.pdf},
uri = {papers://0913A25D-4783-4270-B349-042A99555458/Paper/p6405},
rating = {0},
}